<?xml version="1.0" encoding="UTF-8"?><collection xmlns="http://www.loc.gov/MARC21/slim"><record><leader>00378nam--2200121-i-4500</leader><controlfield tag="001">000008520</controlfield><controlfield tag="002">20161230</controlfield><controlfield tag="005">20161230201027</controlfield><controlfield tag="008">060222s1000------------r-----000-0-eng-d</controlfield><datafield ind1=" " ind2=" " tag="080"><subfield code="a">621.039.55</subfield></datafield><datafield ind1=" " ind2=" " tag="245"><subfield code="a">Second brief for the conceptual design of a reactor physics facility. project 14,5</subfield></datafield><datafield ind1=" " ind2=" " tag="260"><subfield code="a">New South Wales, Australian Atomic Energy Commission, 1968 16 P</subfield></datafield><datafield ind1=" " ind2=" " tag="852"><subfield code="a">28.590</subfield></datafield></record></collection>